

@article{young2012,
    author = "Eliot F. Young and Russel Mellon and Jeffrey Percival and Kurt P. Jaehnig and Jack Fox
              and Tim Lachenmeier and Brian Oglevie and Matt Bingenheimer",
    title = "Sub-Arcsecond Performance of the ST5000 Star Tracker on a Balloon-Borne Platform",
    journal = IEEE_J_AS,
    month = apr,
    year = 2012
}